@article{einstein,
    author = "Albert Einstein",
    title = "{Zur Elektrodynamik bewegter K{\"o}rper}. ({German})
    [{On} the electrodynamics of moving bodies]",
    journal = "Annalen der Physik",
    volume = "322",
    number = "10",
    pages = "891--921",
    year = "1905",
    DOI = "http://dx.doi.org/10.1002/andp.19053221004",
    keywords = "physics"
}


@online{pagina,
    author = "María Estela Raffino",
    title = "Memoria Caché",
    url  = "https://concepto.de/memoria-cache/",
    addendum = "(accessed: 30.06.2020)",
    keywords = "Caché"
}

@online{pagina2,
    author = "Jose Luis R.",
    title = "Tipos de memoria",
    url  = "https://247tecno.com/tipos-de-memoria-informatica/",
    addendum = "(accessed: 24.11.2019)",
    keywords = "memorias,tipos"
}

@online{pagina3,
    author = "Javier López",
    title = "Frecuencia real de la memoria RAM: ¿qué es y cómo se calcula?",
    url  = "https://hardzone.es/tutoriales/rendimiento/frecuencia-real-memoria-ram-ddr4/",
    addendum = "(accessed: 09.09.2019)",
    keywords = "Velocidad"
}

@inbook{knuth-fa,
    author = "Augusto Salazar.",
    title = "Informática II",
    publisher = "Universidad de antioquia"
}